% Encoding: UTF-8

@Electronic{庞之浩2021,
  author       = {俞凯 and 谢攀 and 庞之浩},
  language     = {中文},
  month        = may,
  organization = {科学网新闻},
  title        = {两器分离如何完成？航天八院专家解密“完美落火”背后风险点},
  url          = {http://news.sciencenet.cn/htmlnews/2021/5/457655.shtm},
  year         = {2021},
}

@Article{黄翔宇2021,
  author           = {黄翔宇 and 郭敏文 and 李茂登 and 徐超 and 胡锦昌 and 王晓磊 and 赵宇 and 刘旺旺},
  journal          = {国际太空},
  title            = {天问一号进入下降着陆过程GNC关键技术},
  year             = {2021},
  issn             = {1009-2366},
  pages            = {14-18},
  abstract         = {<正>1引言我国首次火星探测任务天问一号探测器由环绕器和着陆巡视器(包括进入舱和祝融号火星车)组成,通过一次任务实现了火星环绕、着陆和巡视三大目标[1]。天问一号探测器于2020年7月23日成功发射,2021年2月10日进入火星环绕轨道,2021年5月15日7时18分,着陆巡视器成功着陆于火星乌托邦平原南部预选区,标志着我国首次火星探测任务着陆火星取得圆满成功。},
  authoraddress    = {北京控制工程研究所;空间智能控制技术重点实验室;},
  databaseprovider = {CNKI},
  isbn             = {1009-2366},
  issue            = {07},
  keywords         = {EDL;火星探测;大气进入;火星表面;快速辨识;着陆巡视器;GNC;},
  notes            = {11-3816/V},
}

@Comment{jabref-meta: databaseType:bibtex;}
